
@article{Zhang2011,
  title        = {Thermal conduction and rectification in few-layer graphene y Junctions},
  volume       = {3},
  issn         = {20403372},
  url          = {http://xlink.rsc.org/?DOI=c1nr10945f},
  doi          = {10.1039/c1nr10945f},
  pages        = {4606--4607},
  number       = {11},
  journaltitle = {Nanoscale},
  author       = {Zhang, Gang and Zhang, Haishuo},
  date         = {2011},
  pmid         = {21987096},
}

@ARTICLE{8733902,
  author={Li, Xiao and Yin, Dong and Pawar, Sameer and Pedarsani, Ramtin and Ramchandran, Kannan},
  journal={IEEE Transactions on Information Theory}, 
  title={Sub-Linear Time Support Recovery for Compressed Sensing Using Sparse-Graph Codes}, 
  year={2019},
  volume={65},
  number={10},
  pages={6580-6619},
  keywords={Sparse matrices;Noise measurement;Color;Compressed sensing;Time measurement;Real-time systems;Complexity theory;Compressed sensing;support recovery;coding theory;sparse-graph codes},
  doi={10.1109/TIT.2019.2921757}
}

@ARTICLE{7185441,
  author={Bakshi, Mayank and Jaggi, Sidharth and Cai, Sheng and Chen, Minghua},
  journal={IEEE Transactions on Information Theory}, 
  title={SHO-FA: Robust Compressive Sensing With Order-Optimal Complexity, Measurements, and Bits}, 
  year={2016},
  volume={62},
  number={12},
  pages={7419-7444},
  keywords={Noise measurement;Noise;Decoding;Complexity theory;Compressed sensing;Sparse matrices;Approximation algorithms;Compressed sensing;compression algorithms;algorithm design and analysis;graph theory;signal processing algorithms},
  doi={10.1109/TIT.2015.2466601}
}
