% Encoding: UTF-8

@ARTICLE{8733902,
  author={Li, Xiao and Yin, Dong and Pawar, Sameer and Pedarsani, Ramtin and Ramchandran, Kannan},
  journal={IEEE Transactions on Information Theory}, 
  title={Sub-Linear Time Support Recovery for Compressed Sensing Using Sparse-Graph Codes}, 
  year={2019},
  volume={65},
  number={10},
  pages={6580-6619},
  keywords={Sparse matrices;Noise measurement;Color;Compressed sensing;Time measurement;Real-time systems;Complexity theory;Compressed sensing;support recovery;coding theory;sparse-graph codes},
  doi={10.1109/TIT.2019.2921757}
}

@ARTICLE{7185441,
  author={Bakshi, Mayank and Jaggi, Sidharth and Cai, Sheng and Chen, Minghua},
  journal={IEEE Transactions on Information Theory}, 
  title={SHO-FA: Robust Compressive Sensing With Order-Optimal Complexity, Measurements, and Bits}, 
  year={2016},
  volume={62},
  number={12},
  pages={7419-7444},
  keywords={Noise measurement;Noise;Decoding;Complexity theory;Compressed sensing;Sparse matrices;Approximation algorithms;Compressed sensing;compression algorithms;algorithm design and analysis;graph theory;signal processing algorithms},
  doi={10.1109/TIT.2015.2466601}
}

@ARTICLE{1614066,
  author={Donoho, D.L.},
  journal={IEEE Transactions on Information Theory}, 
  title={Compressed sensing}, 
  year={2006},
  volume={52},
  number={4},
  pages={1289-1306},
  keywords={Compressed sensing;Image reconstruction;Pixel;Vectors;Digital images;Image coding;Transform coding;Size measurement;Signal processing;Data mining;Adaptive sampling;almost-spherical sections of Banach spaces;Basis Pursuit;eigenvalues of random matrices;Gel'fand;information-based complexity;integrated sensing and processing;minimum;optimal recovery;Quotient-of-a-Subspace theorem;sparse solution of linear equations},
  doi={10.1109/TIT.2006.871582}}

@article {PMID:17969013,
	Title = {Sparse MRI: The application of compressed sensing for rapid MR imaging},
	Author = {Lustig, Michael and Donoho, David and Pauly, John M},
	DOI = {10.1002/mrm.21391},
	Number = {6},
	Volume = {58},
	Month = {December},
	Year = {2007},
	Journal = {Magnetic resonance in medicine},
	ISSN = {0740-3194},
	Pages = {1182—1195},
	URL = {https://onlinelibrary.wiley.com/doi/pdfdirect/10.1002/mrm.21391},
}

@book{elad2010sparse,
  title={Sparse and redundant representations: from theory to applications in signal and image processing},
  author={Elad, Michael},
  year={2010},
  publisher={Springer Science \& Business Media}
}

@article{Wiaux_2009,
   title={Compressed sensing imaging techniques for radio interferometry},
   volume={395},
   ISSN={1365-2966},
   url={http://dx.doi.org/10.1111/j.1365-2966.2009.14665.x},
   DOI={10.1111/j.1365-2966.2009.14665.x},
   number={3},
   journal={Monthly Notices of the Royal Astronomical Society},
   publisher={Oxford University Press (OUP)},
   author={Wiaux, Y. and Jacques, L. and Puy, G. and Scaife, A. M. M. and Vandergheynst, P.},
   year={2009},
   month=may, pages={1733–1742}
}

@article{gilbert2010sparse,
  title={Sparse recovery using sparse matrices},
  author={Gilbert, Anna and Indyk, Piotr},
  journal={Proceedings of the IEEE},
  volume={98},
  number={6},
  pages={937--947},
  year={2010},
  publisher={IEEE}
}

@misc{wainwright2007informationtheoretic,
      title={Information-theoretic limits on sparsity recovery in the high-dimensional and noisy setting}, 
      author={Martin J. Wainwright},
      year={2007},
      eprint={math/0702301},
      archivePrefix={arXiv},
      primaryClass={math.ST}
}

@INPROCEEDINGS{861970,
  author={Gastpar, M. and Bresler, Y.},
  booktitle={2000 IEEE International Conference on Acoustics, Speech, and Signal Processing. Proceedings (Cat. No.00CH37100)}, 
  title={On the necessary density for spectrum-blind nonuniform sampling subject to quantization}, 
  year={2000},
  volume={1},
  number={},
  pages={348-351 vol.1},
  keywords={Nonuniform sampling;Quantization;Sampling methods;Image reconstruction;Discrete Fourier transforms;Distortion;Frequency domain analysis;Magnetic resonance imaging;Visual communication;Laboratories},
  doi={10.1109/ICASSP.2000.861970}}

@article{10.1214/08-AOS653,
author = {Emmanuel J. Cand{\`e}s and Yaniv Plan},
title = {{Near-ideal model selection by ℓ1 minimization}},
volume = {37},
journal = {The Annals of Statistics},
number = {5A},
publisher = {Institute of Mathematical Statistics},
pages = {2145 -- 2177},
keywords = {compressed sensing, Eigenvalues of random matrices, incoherence, Model selection, Oracle inequalities, the lasso},
year = {2009},
doi = {10.1214/08-AOS653},
URL = {https://doi.org/10.1214/08-AOS653}
}

@ARTICLE{5895106,
  author={Cai, T. Tony and Wang, Lie},
  journal={IEEE Transactions on Information Theory}, 
  title={Orthogonal Matching Pursuit for Sparse Signal Recovery With Noise}, 
  year={2011},
  volume={57},
  number={7},
  pages={4680-4688},
  keywords={Matching pursuit algorithms;Gaussian noise;Signal processing algorithms;Algorithm design and analysis;Eigenvalues and eigenfunctions;Equations; $\ell_{1}$ minimization;compressed sensing;mutual incoherence;orthogonal matching pursuit (OMP);signal reconstruction;support recovery},
  doi={10.1109/TIT.2011.2146090}
}


@article{doi:10.1137/090777761,
	author = {Yang, Junfeng and Zhang, Yin},
	doi = {10.1137/090777761},
	eprint = {https://doi.org/10.1137/090777761},
	journal = {SIAM Journal on Scientific Computing},
	number = {1},
	pages = {250-278},
	title = {Alternating Direction Algorithms for $\ell_1$-Problems in Compressive Sensing},
	url = {https://doi.org/10.1137/090777761},
	volume = {33},
	year = {2011},
	bdsk-url-1 = {https://doi.org/10.1137/090777761}
}


@article{WANG2013135,
	author = {Lie Wang},
	doi = {https://doi.org/10.1016/j.jmva.2013.04.001},
	issn = {0047-259X},
	journal = {Journal of Multivariate Analysis},
	keywords = {High dimensional regression, LAD estimator, penalization, Variable selection},
	pages = {135-151},
	title = {The $\ell_1$ penalized LAD estimator for high dimensional linear regression},
	url = {https://www.sciencedirect.com/science/article/pii/S0047259X1300047X},
	volume = {120},
	year = {2013},
	bdsk-url-1 = {https://www.sciencedirect.com/science/article/pii/S0047259X1300047X},
	bdsk-url-2 = {https://doi.org/10.1016/j.jmva.2013.04.001}
}

